@article{shannon1948mathematical,
  title={A mathematical theory of communication},
  author={Shannon, Claude E},
  journal={The Bell system technical journal},
  volume={27},
  number={3},
  pages={379--423},
  year={1948},
  publisher={Nokia Bell Labs}
}

@incollection{nash1996non,
  title={Non-cooperative games},
  author={Nash Jr, John},
  booktitle={Essays on Game Theory},
  pages={22--33},
  year={1996},
  publisher={Edward Elgar Publishing}
}

@book{turing2009computing,
	title={Computing machinery and intelligence},
	author={Turing, Alan M},
	year={2009},
	publisher={Springer}
}